<?xml version="1.0" encoding="UTF-8"?><collection xmlns="http://www.loc.gov/MARC21/slim"><record><leader>00313nam--2200121-i-4500</leader><controlfield tag="001">000029925</controlfield><controlfield tag="002">20161230</controlfield><controlfield tag="005">20161230201038</controlfield><controlfield tag="008">060222s1000------------r-----000-0-eng-d</controlfield><datafield ind1=" " ind2=" " tag="100"><subfield code="a">Lieshout Van, R</subfield></datafield><datafield ind1=" " ind2=" " tag="245"><subfield code="a">Wapstra, a.h</subfield></datafield><datafield ind1=" " ind2=" " tag="260"><subfield code="a">Nijgh, G.J</subfield></datafield><datafield ind1=" " ind2=" " tag="490"><subfield code="a">Amsterdam, North-holland Publishing Company, 1959. Vii+135p</subfield></datafield></record></collection>